@article{atmospheric,
author = {Adrian Doicu, Franz Schreier, Michael Hess},
title = {Iteratively regularized Gaussâ€“Newton method for atmospheric remote sensing},
journal = {Computer Physics Communications},
year = {2002},
volume={148},
issue={2},
pages={214,226},
doi = {10.1016/S0010-4655(02)00555-6},

URL = { 
        http://dx.doi.org/10.1016/S0010-4655(02)00555-6
    
},

}


