@book{discrepbook,
  title={Regularization of Inverse Problems},
  author={Engl, H.W. and Hanke, M. and Neubauer, A.},
  isbn={9780792361404},
  lccn={96028672},
  series={Mathematics and Its Applications},
  url={http://books.google.it/books?id=VuEV-Gj1GZcC},
  year={2000},
  publisher={Springer Netherlands}
}
