@article{discreporig,
  title={On the solution of functional equations by the method of regularization},
  author={Morozov, Vladimir Alekseevich},
  booktitle={Soviet Math. Dokl},
  volume={7},
  number={1},
  pages={414--417},
  year={1966}
}