@article{inversesturm,
author = {Altundağ, H. and Böckmann, C. and Taşeli, H.},
title = {Inverse Sturm–Liouville problems with pseudospectral methods},
journal = {International Journal of Computer Mathematics},
year = {2014},
doi = {10.1080/00207160.2014.939646},

URL = { 
        http://dx.doi.org/10.1080/00207160.2014.939646
    
},
eprint = { 
        http://dx.doi.org/10.1080/00207160.2014.939646
    
}

}


