@article{modtikh,
author = {Martin Fuhry, Lothar Reichel},
title = {A new Tikhonov regularization method},
journal = {Numerical Algorithms},
year = {2012},
volume={59},
issue={3},
pages={433,445},
doi = {10.1007/s11075-011-9498-x},

URL = { http://link.springer.com/article/10.1007\%2Fs11075-011-9498-x },

}


